<?xml version="1.0" encoding="UTF-8"?><collection xmlns="http://www.loc.gov/MARC21/slim"><record><leader>00538nam--2200193-u-4500</leader><controlfield tag="001">000052677</controlfield><controlfield tag="002">20161230</controlfield><controlfield tag="005">20161230201050</controlfield><controlfield tag="008">101002s1000------------r-----000-0-ger-d</controlfield><datafield ind1=" " ind2=" " tag="040"><subfield code="a">IFIN-HH</subfield></datafield><datafield ind1=" " ind2=" " tag="041"><subfield code="a">ger</subfield></datafield><datafield ind1=" " ind2=" " tag="080"><subfield code="a">533.9</subfield></datafield><datafield ind1="1" ind2=" " tag="100"><subfield code="a">Frank-kamenezki, D.A</subfield></datafield><datafield ind1="1" ind2="0" tag="245"><subfield code="a">Plasma - der vierte Aggregatzustand</subfield><subfield code="c">D.A. Frank-Kamenezki</subfield></datafield><datafield ind1=" " ind2=" " tag="260"><subfield code="a">Moskau</subfield><subfield code="b">Verlag Progress</subfield></datafield><datafield ind1=" " ind2=" " tag="300"><subfield code="a">179 p</subfield></datafield><datafield ind1=" " ind2=" " tag="500"><subfield code="a">Titlul original in lb rusa: Plazma - cetvertoe sostoianie vesestva</subfield></datafield><datafield ind1=" " ind2=" " tag="852"><subfield code="a">76957</subfield><subfield code="c">533.9</subfield></datafield><datafield ind1=" " ind2=" " tag="CAT"><subfield code="a">Sys</subfield><subfield code="c">20101002</subfield><subfield code="h">134800</subfield></datafield></record></collection>